<?xml version="1.0" encoding="UTF-8"?><record xmlns="http://www.loc.gov/MARC21/slim" xmlns:cinclude="http://apache.org/cocoon/include/1.0" xmlns:zs="http://www.loc.gov/zing/srw/">
  <leader>00777cz  a2200193n  4500</leader>
  <controlfield tag="001">nr 98033454 </controlfield>
  <controlfield tag="003">DLC</controlfield>
  <controlfield tag="005">20081113082350.0</controlfield>
  <controlfield tag="008">980909n| acannaabn          |b ana      </controlfield>
  <datafield tag="010" ind1=" " ind2=" ">
    <subfield code="a">nr 98033454 </subfield>
  </datafield>
  <datafield tag="035" ind1=" " ind2=" ">
    <subfield code="a">(OCoLC)oca04813280</subfield>
  </datafield>
  <datafield tag="040" ind1=" " ind2=" ">
    <subfield code="a">DLC-R</subfield>
    <subfield code="b">eng</subfield>
    <subfield code="c">DLC-R</subfield>
    <subfield code="d">OCoLC</subfield>
  </datafield>
  <datafield tag="110" ind1="1" ind2=" ">
    <subfield code="a">Japan.</subfield>
    <subfield code="b">Kagaku Gijutsuchō.</subfield>
    <subfield code="b">Kaiyō Chikyūka</subfield>
  </datafield>
  <datafield tag="410" ind1="1" ind2=" ">
    <subfield code="a">Japan.</subfield>
    <subfield code="b">Kagaku Gijutsuchō.</subfield>
    <subfield code="b">Kenkyū Kaihatsukyoku.</subfield>
    <subfield code="b">Kaiyō Chikyūka</subfield>
  </datafield>
  <datafield tag="410" ind1="1" ind2=" ">
    <subfield code="a">Japan.</subfield>
    <subfield code="b">科学技術庁.</subfield>
    <subfield code="b">海洋地球課</subfield>
  </datafield>
  <datafield tag="667" ind1=" " ind2=" ">
    <subfield code="a">Machine-derived non-Latin script reference project.</subfield>
  </datafield>
  <datafield tag="667" ind1=" " ind2=" ">
    <subfield code="a">Non-Latin script reference not evaluated.</subfield>
  </datafield>
  <datafield tag="670" ind1=" " ind2=" ">
    <subfield code="a">GPS kishōgaku ni yoru suijōki jōhō shisutemu ... 1997:</subfield>
    <subfield code="b">t.p. (Kagaku Gijutsuchō Kenkyū Kaihatsukyoku Kaiyō Chikyūka)</subfield>
  </datafield>
  <datafield tag="675" ind1=" " ind2=" ">
    <subfield code="a">Shokuinroku, 1996.</subfield>
  </datafield>
</record>